@software{zorrilla_2024_10475950,
  author       = {Zorrilla, Francisco and
                  Basile, Arianna},
  title        = {{franciscozorrilla/systems-biology-fba-practical: 
                   FBA with GEMs 1.0.1}},
  month        = jan,
  year         = 2024,
  publisher    = {Zenodo},
  version      = {v1.0.1},
  doi          = {10.5281/zenodo.10475950},
  url          = {https://doi.org/10.5281/zenodo.10475950}
}
